%YAML 1.1
%TAG !u! tag:unity3d.com,2011:
--- !u!1 &7055782550913606978
GameObject:
  m_ObjectHideFlags: 0
  m_CorrespondingSourceObject: {fileID: 0}
  m_PrefabInstance: {fileID: 0}
  m_PrefabAsset: {fileID: 0}
  serializedVersion: 6
  m_Component:
  - component: {fileID: 8341895985154149174}
  m_Layer: 0
  m_Name: StreetExitBarriers
  m_TagString: Untagged
  m_Icon: {fileID: 0}
  m_NavMeshLayer: 0
  m_StaticEditorFlags: 0
  m_IsActive: 1
--- !u!4 &8341895985154149174
Transform:
  m_ObjectHideFlags: 0
  m_CorrespondingSourceObject: {fileID: 0}
  m_PrefabInstance: {fileID: 0}
  m_PrefabAsset: {fileID: 0}
  m_GameObject: {fileID: 7055782550913606978}
  m_LocalRotation: {x: 0, y: 0, z: 0, w: 1}
  m_LocalPosition: {x: -69.850006, y: 0.6799998, z: 75}
  m_LocalScale: {x: 1, y: 1, z: 1}
  m_Children:
  - {fileID: 429870332917868998}
  - {fileID: 429870333538057749}
  - {fileID: 429870333363158838}
  - {fileID: 429870333686376005}
  m_Father: {fileID: 0}
  m_RootOrder: 0
  m_LocalEulerAnglesHint: {x: 0, y: 0, z: 0}
--- !u!1001 &5440374566422046343
PrefabInstance:
  m_ObjectHideFlags: 0
  serializedVersion: 2
  m_Modification:
    m_TransformParent: {fileID: 8341895985154149174}
    m_Modifications:
    - target: {fileID: 474396384084226473, guid: 0eeaea9fe27057448a9957717b2540fa,
        type: 3}
      propertyPath: m_Name
      value: RoadClosure (3)
      objectReference: {fileID: 0}
    - target: {fileID: 5654026419525451970, guid: 0eeaea9fe27057448a9957717b2540fa,
        type: 3}
      propertyPath: m_LocalPosition.x
      value: -0.83999634
      objectReference: {fileID: 0}
    - target: {fileID: 5654026419525451970, guid: 0eeaea9fe27057448a9957717b2540fa,
        type: 3}
      propertyPath: m_LocalPosition.y
      value: -0.68
      objectReference: {fileID: 0}
    - target: {fileID: 5654026419525451970, guid: 0eeaea9fe27057448a9957717b2540fa,
        type: 3}
      propertyPath: m_LocalPosition.z
      value: 1.6699982
      objectReference: {fileID: 0}
    - target: {fileID: 5654026419525451970, guid: 0eeaea9fe27057448a9957717b2540fa,
        type: 3}
      propertyPath: m_LocalRotation.x
      value: -0
      objectReference: {fileID: 0}
    - target: {fileID: 5654026419525451970, guid: 0eeaea9fe27057448a9957717b2540fa,
        type: 3}
      propertyPath: m_LocalRotation.y
      value: -0
      objectReference: {fileID: 0}
    - target: {fileID: 5654026419525451970, guid: 0eeaea9fe27057448a9957717b2540fa,
        type: 3}
      propertyPath: m_LocalRotation.z
      value: -0
      objectReference: {fileID: 0}
    - target: {fileID: 5654026419525451970, guid: 0eeaea9fe27057448a9957717b2540fa,
        type: 3}
      propertyPath: m_LocalRotation.w
      value: 1
      objectReference: {fileID: 0}
    - target: {fileID: 5654026419525451970, guid: 0eeaea9fe27057448a9957717b2540fa,
        type: 3}
      propertyPath: m_RootOrder
      value: 3
      objectReference: {fileID: 0}
    - target: {fileID: 5654026419525451970, guid: 0eeaea9fe27057448a9957717b2540fa,
        type: 3}
      propertyPath: m_LocalEulerAnglesHint.x
      value: 0
      objectReference: {fileID: 0}
    - target: {fileID: 5654026419525451970, guid: 0eeaea9fe27057448a9957717b2540fa,
        type: 3}
      propertyPath: m_LocalEulerAnglesHint.y
      value: 0
      objectReference: {fileID: 0}
    - target: {fileID: 5654026419525451970, guid: 0eeaea9fe27057448a9957717b2540fa,
        type: 3}
      propertyPath: m_LocalEulerAnglesHint.z
      value: 0
      objectReference: {fileID: 0}
    m_RemovedComponents: []
  m_SourcePrefab: {fileID: 100100000, guid: 0eeaea9fe27057448a9957717b2540fa, type: 3}
--- !u!4 &429870333686376005 stripped
Transform:
  m_CorrespondingSourceObject: {fileID: 5654026419525451970, guid: 0eeaea9fe27057448a9957717b2540fa,
    type: 3}
  m_PrefabInstance: {fileID: 5440374566422046343}
  m_PrefabAsset: {fileID: 0}
--- !u!1001 &5440374566553566935
PrefabInstance:
  m_ObjectHideFlags: 0
  serializedVersion: 2
  m_Modification:
    m_TransformParent: {fileID: 8341895985154149174}
    m_Modifications:
    - target: {fileID: 474396384084226473, guid: 0eeaea9fe27057448a9957717b2540fa,
        type: 3}
      propertyPath: m_Name
      value: RoadClosure (1)
      objectReference: {fileID: 0}
    - target: {fileID: 5654026419525451970, guid: 0eeaea9fe27057448a9957717b2540fa,
        type: 3}
      propertyPath: m_LocalPosition.x
      value: 138.99
      objectReference: {fileID: 0}
    - target: {fileID: 5654026419525451970, guid: 0eeaea9fe27057448a9957717b2540fa,
        type: 3}
      propertyPath: m_LocalPosition.y
      value: -0.68
      objectReference: {fileID: 0}
    - target: {fileID: 5654026419525451970, guid: 0eeaea9fe27057448a9957717b2540fa,
        type: 3}
      propertyPath: m_LocalPosition.z
      value: -150.87
      objectReference: {fileID: 0}
    - target: {fileID: 5654026419525451970, guid: 0eeaea9fe27057448a9957717b2540fa,
        type: 3}
      propertyPath: m_LocalRotation.x
      value: -0
      objectReference: {fileID: 0}
    - target: {fileID: 5654026419525451970, guid: 0eeaea9fe27057448a9957717b2540fa,
        type: 3}
      propertyPath: m_LocalRotation.y
      value: -0
      objectReference: {fileID: 0}
    - target: {fileID: 5654026419525451970, guid: 0eeaea9fe27057448a9957717b2540fa,
        type: 3}
      propertyPath: m_LocalRotation.z
      value: -0
      objectReference: {fileID: 0}
    - target: {fileID: 5654026419525451970, guid: 0eeaea9fe27057448a9957717b2540fa,
        type: 3}
      propertyPath: m_LocalRotation.w
      value: 1
      objectReference: {fileID: 0}
    - target: {fileID: 5654026419525451970, guid: 0eeaea9fe27057448a9957717b2540fa,
        type: 3}
      propertyPath: m_RootOrder
      value: 1
      objectReference: {fileID: 0}
    - target: {fileID: 5654026419525451970, guid: 0eeaea9fe27057448a9957717b2540fa,
        type: 3}
      propertyPath: m_LocalEulerAnglesHint.x
      value: 0
      objectReference: {fileID: 0}
    - target: {fileID: 5654026419525451970, guid: 0eeaea9fe27057448a9957717b2540fa,
        type: 3}
      propertyPath: m_LocalEulerAnglesHint.y
      value: 0
      objectReference: {fileID: 0}
    - target: {fileID: 5654026419525451970, guid: 0eeaea9fe27057448a9957717b2540fa,
        type: 3}
      propertyPath: m_LocalEulerAnglesHint.z
      value: 0
      objectReference: {fileID: 0}
    m_RemovedComponents: []
  m_SourcePrefab: {fileID: 100100000, guid: 0eeaea9fe27057448a9957717b2540fa, type: 3}
--- !u!4 &429870333538057749 stripped
Transform:
  m_CorrespondingSourceObject: {fileID: 5654026419525451970, guid: 0eeaea9fe27057448a9957717b2540fa,
    type: 3}
  m_PrefabInstance: {fileID: 5440374566553566935}
  m_PrefabAsset: {fileID: 0}
--- !u!1001 &5440374566778830836
PrefabInstance:
  m_ObjectHideFlags: 0
  serializedVersion: 2
  m_Modification:
    m_TransformParent: {fileID: 8341895985154149174}
    m_Modifications:
    - target: {fileID: 474396384084226473, guid: 0eeaea9fe27057448a9957717b2540fa,
        type: 3}
      propertyPath: m_Name
      value: RoadClosure (2)
      objectReference: {fileID: 0}
    - target: {fileID: 5654026419525451970, guid: 0eeaea9fe27057448a9957717b2540fa,
        type: 3}
      propertyPath: m_LocalPosition.x
      value: -0.83999634
      objectReference: {fileID: 0}
    - target: {fileID: 5654026419525451970, guid: 0eeaea9fe27057448a9957717b2540fa,
        type: 3}
      propertyPath: m_LocalPosition.y
      value: -0.68
      objectReference: {fileID: 0}
    - target: {fileID: 5654026419525451970, guid: 0eeaea9fe27057448a9957717b2540fa,
        type: 3}
      propertyPath: m_LocalPosition.z
      value: -151.56
      objectReference: {fileID: 0}
    - target: {fileID: 5654026419525451970, guid: 0eeaea9fe27057448a9957717b2540fa,
        type: 3}
      propertyPath: m_LocalRotation.x
      value: -0
      objectReference: {fileID: 0}
    - target: {fileID: 5654026419525451970, guid: 0eeaea9fe27057448a9957717b2540fa,
        type: 3}
      propertyPath: m_LocalRotation.y
      value: -0
      objectReference: {fileID: 0}
    - target: {fileID: 5654026419525451970, guid: 0eeaea9fe27057448a9957717b2540fa,
        type: 3}
      propertyPath: m_LocalRotation.z
      value: -0
      objectReference: {fileID: 0}
    - target: {fileID: 5654026419525451970, guid: 0eeaea9fe27057448a9957717b2540fa,
        type: 3}
      propertyPath: m_LocalRotation.w
      value: 1
      objectReference: {fileID: 0}
    - target: {fileID: 5654026419525451970, guid: 0eeaea9fe27057448a9957717b2540fa,
        type: 3}
      propertyPath: m_RootOrder
      value: 2
      objectReference: {fileID: 0}
    - target: {fileID: 5654026419525451970, guid: 0eeaea9fe27057448a9957717b2540fa,
        type: 3}
      propertyPath: m_LocalEulerAnglesHint.x
      value: 0
      objectReference: {fileID: 0}
    - target: {fileID: 5654026419525451970, guid: 0eeaea9fe27057448a9957717b2540fa,
        type: 3}
      propertyPath: m_LocalEulerAnglesHint.y
      value: 0
      objectReference: {fileID: 0}
    - target: {fileID: 5654026419525451970, guid: 0eeaea9fe27057448a9957717b2540fa,
        type: 3}
      propertyPath: m_LocalEulerAnglesHint.z
      value: 0
      objectReference: {fileID: 0}
    m_RemovedComponents: []
  m_SourcePrefab: {fileID: 100100000, guid: 0eeaea9fe27057448a9957717b2540fa, type: 3}
--- !u!4 &429870333363158838 stripped
Transform:
  m_CorrespondingSourceObject: {fileID: 5654026419525451970, guid: 0eeaea9fe27057448a9957717b2540fa,
    type: 3}
  m_PrefabInstance: {fileID: 5440374566778830836}
  m_PrefabAsset: {fileID: 0}
--- !u!1001 &5440374567207004420
PrefabInstance:
  m_ObjectHideFlags: 0
  serializedVersion: 2
  m_Modification:
    m_TransformParent: {fileID: 8341895985154149174}
    m_Modifications:
    - target: {fileID: 474396384084226473, guid: 0eeaea9fe27057448a9957717b2540fa,
        type: 3}
      propertyPath: m_Name
      value: RoadClosure
      objectReference: {fileID: 0}
    - target: {fileID: 5654026419525451970, guid: 0eeaea9fe27057448a9957717b2540fa,
        type: 3}
      propertyPath: m_LocalPosition.x
      value: 138.99
      objectReference: {fileID: 0}
    - target: {fileID: 5654026419525451970, guid: 0eeaea9fe27057448a9957717b2540fa,
        type: 3}
      propertyPath: m_LocalPosition.y
      value: -0.68
      objectReference: {fileID: 0}
    - target: {fileID: 5654026419525451970, guid: 0eeaea9fe27057448a9957717b2540fa,
        type: 3}
      propertyPath: m_LocalPosition.z
      value: 1.25
      objectReference: {fileID: 0}
    - target: {fileID: 5654026419525451970, guid: 0eeaea9fe27057448a9957717b2540fa,
        type: 3}
      propertyPath: m_LocalRotation.x
      value: -0
      objectReference: {fileID: 0}
    - target: {fileID: 5654026419525451970, guid: 0eeaea9fe27057448a9957717b2540fa,
        type: 3}
      propertyPath: m_LocalRotation.y
      value: -0
      objectReference: {fileID: 0}
    - target: {fileID: 5654026419525451970, guid: 0eeaea9fe27057448a9957717b2540fa,
        type: 3}
      propertyPath: m_LocalRotation.z
      value: -0
      objectReference: {fileID: 0}
    - target: {fileID: 5654026419525451970, guid: 0eeaea9fe27057448a9957717b2540fa,
        type: 3}
      propertyPath: m_LocalRotation.w
      value: 1
      objectReference: {fileID: 0}
    - target: {fileID: 5654026419525451970, guid: 0eeaea9fe27057448a9957717b2540fa,
        type: 3}
      propertyPath: m_RootOrder
      value: 0
      objectReference: {fileID: 0}
    - target: {fileID: 5654026419525451970, guid: 0eeaea9fe27057448a9957717b2540fa,
        type: 3}
      propertyPath: m_LocalEulerAnglesHint.x
      value: 0
      objectReference: {fileID: 0}
    - target: {fileID: 5654026419525451970, guid: 0eeaea9fe27057448a9957717b2540fa,
        type: 3}
      propertyPath: m_LocalEulerAnglesHint.y
      value: 0
      objectReference: {fileID: 0}
    - target: {fileID: 5654026419525451970, guid: 0eeaea9fe27057448a9957717b2540fa,
        type: 3}
      propertyPath: m_LocalEulerAnglesHint.z
      value: 0
      objectReference: {fileID: 0}
    m_RemovedComponents: []
  m_SourcePrefab: {fileID: 100100000, guid: 0eeaea9fe27057448a9957717b2540fa, type: 3}
--- !u!4 &429870332917868998 stripped
Transform:
  m_CorrespondingSourceObject: {fileID: 5654026419525451970, guid: 0eeaea9fe27057448a9957717b2540fa,
    type: 3}
  m_PrefabInstance: {fileID: 5440374567207004420}
  m_PrefabAsset: {fileID: 0}
